@article{pereira2009flow,
  title={Flow meters: part 1},
  author={Pereira, Miguel},
  journal={IEEE Instrumentation and Measurement Magazine},
  volume={12},
  number={1},
  pages={18--26},
  year={2009},
  publisher={IEEE}
}

@article{miller1983flow,
  title={Flow measurement engineering handbook},
  author={Miller, Richard W},
  year={1983},
  publisher={Instrument Society of America, Research Triangle Park, NC}
}
@book{lanasa2014fluid,
  title={Fluid flow measurement: A practical guide to accurate flow measurement},
  author={LaNasa, Paul J and Upp, E Loy},
  year={2014},
  publisher={Butterworth-Heinemann}
}
@incollection{nandagopal2022fluid,
  title={Fluid Flow Measurements},
  author={Nandagopal, PE and Nuggenhalli, S},
  booktitle={Fluid and Thermal Sciences},
  pages={137--147},
  year={2022},
  publisher={Springer}
}


% niachie hapa

@incollection{kuntz2009pre,
  title={Pre-occupancy Planning, Commission, Qualification and Validation Testing},
  author={Kuntz, Michael J and Klein, Hilton J},
  booktitle={Planning and Designing Research Animal Facilities},
  pages={45--51},
  year={2009},
  publisher={Elsevier}
}

@inproceedings{tukimin2016cfd,
  title={CFD analysis of flow through Venturi tube and its discharge coefficient},
  author={Tukimin, A and Zuber, M and Ahmad, KA},
  booktitle={IOP Conference Series: Materials Science and Engineering},
  volume={152},
  number={1},
  pages={012062},
  year={2016},
  organization={IOP Publishing}
}

@article{iso20035167,
  title={5167: Measurement of Fluid Flow by means of Pressure Differential Devices},
  author={ISO, EN},
  journal={International Organization of Standards, Gen{\`e}ve},
  year={2003}
}

@article{tamhankar2014experimental,
  title={Experimental and cfd analysis of flow through venturimeter to determine the coefficient of discharge},
  author={Tamhankar, Nikhil and Pandhare, Amar and Joglekar, Ashwinkumar and Bansode, Vaibhav},
  journal={International Journal of Latest Trends in Engineering and Technology (IJLTET)},
  volume={3},
  number={4},
  pages={194--200},
  year={2014}
}

@article{arun2015prediction,
  title={Prediction of discharge coefficient of Venturimeter at low Reynolds numbers by analytical and CFD Method},
  author={Arun, R and Yogesh Kumar, KJ and Seshadri, V},
  journal={International Journal of Engineering and Technical Research (IJETR) ISSN},
  pages={2321--0869},
  year={2015}
}

% wachia hapa

@inproceedings{odetti2019design,
  title={Design, development and testing at field of a modular Mini Automatic Water Sampler (MAWS) based on magnetic activation},
  author={Odetti, Angelo and Bruzzone, Giorgio and Caccia, Massimo and Ferretti, Roberta and Spirandelli, Edoardo and Bruzzone, Gabriele},
  booktitle={OCEANS 2019-Marseille},
  pages={1--8},
  year={2019},
  organization={IEEE}
}